@misc{BBC,
	Author ={BBC},
	Title={Climate Challenge},
	howpublished ={\url{http://www.bbc.co.uk/sn/hottopics/climatechange/climate_challenge/}}
}

@misc{WoA,
	Author ={Avatar Wiki},
	Title={Geography of the World of Avatar},
	howpublished ={\url{http://avatar.wikia.com/wiki/Geography_of_the_World_of_Avatar}}
}

@misc{CAQ,
	Author ={Developer, Android},
	Title={Core App Quality},
	howpublished ={\url{https://developer.android.com/distribute/essentials/quality/core.html}}
}

@misc{MDes,
	Author ={Google},
	Title={Material Design},
	howpublished ={\url{https://material.io/}}
}

@misc{ClimM,
	Author ={Monash},
	Title={Monash Simple Climate Model},
	howpublished ={\url{http://monash.edu/research/simple-climate-model/mscm/greb/cgi-bin/scny_i18n.py?scenario=28&variable=02&locale=EN&activetab=undefined }}
}

@misc{EW,
	Author ={Google Play Store, GZ Studio},
	Title={Energy Wars},
	howpublished ={\url{https://play.google.com/store/apps/details?id=com.gz.EnergyWars}}
}



